@article{Casey2014,
  author  = {Casey, Caitlin M and Narayanan, Desika and Cooray, Asantha},
  title   = {Dusty star-forming galaxies at high redshift},
  journal = {Physics Reports},
  volume  = {541},
  number  = {2},
  pages   = {45-161},
  issn    = {0370-1573},
  doi     = {https://doi.org/10.1016/j.physrep.2014.02.009},
  year    = {2014},
  type    = {Journal Article}
}